<record xmlns="http://www.loc.gov/MARC21/slim" xmlns:xsi="http://www.w3.org/2001/XMLSchema-instance" xsi:schemaLocation="http://www.loc.gov/MARC21/slim http://www.loc.gov/standards/marcxml/schema/MARC21slim.xsd"><leader>01936nam a2200385   4500</leader><controlfield tag="001">001701317</controlfield><controlfield tag="003">NNU</controlfield><controlfield tag="006">m        d        </controlfield><controlfield tag="007">cr cn |||m|||a</controlfield><controlfield tag="008">140707s1933    le      ob    001 0 ara d</controlfield><datafield ind1=" " ind2=" " tag="040"><subfield code="a">NNU</subfield><subfield code="b">eng</subfield><subfield code="c">NNU</subfield></datafield><datafield ind1="0" ind2=" " tag="041"><subfield code="a">ara</subfield><subfield code="a">eng</subfield></datafield><datafield ind1=" " ind2=" " tag="066"><subfield code="c">(3</subfield></datafield><datafield ind1=" " ind2=" " tag="090"><subfield code="a">PJ7745.I15</subfield><subfield code="b">I53 1933</subfield></datafield><datafield ind1="1" ind2=" " tag="100"><subfield code="6">880-01</subfield><subfield code="a">Jabb&#363;r, Jibr&#257;&#700;&#299;l Sulaym&#257;n</subfield></datafield><datafield ind1="1" ind2="0" tag="245"><subfield code="6">880-02</subfield><subfield code="a">Ibn &#699;Abd Rabbih wa-&#699;Iqduh</subfield><subfield code="h">[electronic resource] /</subfield><subfield code="c">bi-qalam Jibr&#257;&#700;&#299;l Sulaym&#257;n Jabb&#363;r.</subfield></datafield><datafield ind1="1" ind2="5" tag="246"><subfield code="a">Ibn &#699;Abd Rabbihi and his &#699;iqd</subfield></datafield><datafield ind1=" " ind2=" " tag="260"><subfield code="6">880-03</subfield><subfield code="a">Bayr&#363;t :</subfield><subfield code="b">al-Ma&#7789;ba&#699;ah al-K&#257;th&#363;l&#299;k&#299;yah,</subfield><subfield code="c">1933.</subfield></datafield><datafield ind1=" " ind2=" " tag="300"><subfield code="a">online resource (164 p.)</subfield></datafield><datafield ind1=" " ind2=" " tag="500"><subfield code="a">"Wa-hiya ris&#257;lah quddimat il&#225; D&#257;&#700;irat al-Dur&#363;s al-&#699;Arab&#299;yah f&#299; Kull&#299;yat al-&#699;Ul&#363;m wa-al-&#256;d&#257;b bi-J&#257;mi&#699;at Bayr&#363;t al-Am&#299;rik&#299;yah li-nayl shih&#257;dat ust&#257;dh f&#299; al-&#699;ul&#363;m."</subfield></datafield><datafield ind1=" " ind2=" " tag="500"><subfield code="a">Part of the Arabic Collections Online (ACO) project, contributed by New York Univeristy Libraries.</subfield></datafield><datafield ind1=" " ind2=" " tag="502"><subfield code="a">Thesis (M.A.)--American University of Beirut, 1933.</subfield></datafield><datafield ind1=" " ind2=" " tag="504"><subfield code="a">Includes bibliographical references and indexes.</subfield></datafield><datafield ind1=" " ind2=" " tag="533"><subfield code="a">Electronic reproduction.</subfield><subfield code="b">New York, N.Y. :</subfield><subfield code="c">New York University,</subfield><subfield code="d">2014.</subfield><subfield code="5">NNU</subfield></datafield><datafield ind1=" " ind2=" " tag="546"><subfield code="a">Foreword in English.</subfield></datafield><datafield ind1=" " ind2=" " tag="500"><subfield code="a">Title on added t.p.: Ibn &#699;Abd Rabbihi and his &#699;Iqd.</subfield></datafield><datafield ind1="1" ind2="0" tag="600"><subfield code="a">Ibn &#699;Abd Rabbih, A&#7717;mad ibn Mu&#7717;ammad,</subfield><subfield code="d">860-940.</subfield><subfield code="t">&#699;Iqd al-far&#299;d.</subfield></datafield><datafield ind1="2" ind2=" " tag="710"><subfield code="a">New York University.</subfield><subfield code="b">Libraries.</subfield></datafield><datafield ind1="0" ind2=" " tag="730"><subfield code="a">Arabic Collections Online.</subfield></datafield><datafield ind1="0" ind2="8" tag="776"><subfield code="i">Print version:</subfield><subfield code="a">Jabb&#363;r, Jibr&#257;&#700;&#299;l Sulaym&#257;n 880-01</subfield><subfield code="t">Ibn &#699;Abd Rabbih wa-&#699;Iqduh</subfield><subfield code="w">(NNU)001701317</subfield></datafield><datafield ind1="4" ind2="0" tag="856"><subfield code="u">http://hdl.handle.net/2333.1/pzgmsd7p</subfield></datafield><datafield ind1="1" ind2=" " tag="880"><subfield code="6">100-01/</subfield><subfield code="a">&#1580;&#1576;&#1608;&#1585;&#1548; &#1580;&#1576;&#1575;&#1574;&#1610;&#1604; &#1587;&#1604;&#1610;&#1605;&#1575;&#1606;.</subfield></datafield><datafield ind1="1" ind2="0" tag="880"><subfield code="6">245-02/</subfield><subfield code="a">&#1575;&#1576;&#1606; &#1593;&#1576;&#1583; &#1585;&#1576;&#1607; &#1608;&#1593;&#1602;&#1583;&#1607; /</subfield><subfield code="c">&#1576;&#1602;&#1604;&#1605; &#1580;&#1576;&#1585;&#1575;&#1574;&#1610;&#1604; &#1587;&#1604;&#1610;&#1605;&#1575;&#1606; &#1580;&#1576;&#1608;&#1585;.</subfield></datafield><datafield ind1=" " ind2=" " tag="880"><subfield code="6">260-03/</subfield><subfield code="a">&#1576;&#1610;&#1585;&#1608;&#1578; :</subfield><subfield code="b">&#1575;&#1604;&#1605;&#1591;&#1576;&#1593;&#1577; &#1575;&#1604;&#1603;&#1575;&#1579;&#1608;&#1604;&#1610;&#1603;&#1610;&#1577;&#1548;</subfield><subfield code="c">1933.</subfield></datafield><datafield ind1=" " ind2=" " tag="959"><subfield code="a">NNU</subfield><subfield code="b">WEB</subfield><subfield code="c">GENI</subfield><subfield code="t">0</subfield><subfield code="m">Electronic access</subfield><subfield code="s">01</subfield></datafield></record>